00590cas a22002291a 4500
001 999290303502836
003 Nz
005 20161223153004.0
008 040105d18661866nz  r ne      0   0 eng d
035    $a (NLNZils)929030
035    $a (Nz)8156978
035    $a (NLNZils)929030-ilsdb
035    $a (OCoLC)173421479
040    $a WN $c WN
042    $a nznb
043    $a u-nz---
245 00 $a Hokitika chronicle.
260    $a [Hokitika, N.Z. : $b s.n., $c 1866]
310    $a Daily
362 0  $a 1866 Apr.?-1866 Aug.?
651  0 $a Hokitika (N.Z.) $v Newspapers.
655  7 $a New Zealand newspapers. $2 local $5 Nz
